@article{ieareport,
  title={Net Zero by 2050: A Roadmap for the Global Energy Sector},
  author={IEA},
  journal = {International Energy Agency, Paris},
  year={2021}
}

@techreport{carleton2020valuing,
  title={Valuing the global mortality consequences of climate change accounting for adaptation costs and benefits},
  author = {{Climate Impact Lab}}, 
  note = {TA Carleton, AM Jina, T Micheal, M Greenstone, T Houser, SM Hsiang, A Hultgren, RE Kopp, E Robert, KE McCusker, and IB Nath},
  year={2020},
  institution={National Bureau of Economic Research}
}

@article{howard2021gauging,
  title={Gauging economic consensus on climate change},
  author={Howard, Peter and Sylvan, Derek},
  journal={Institute for Policy Integrity, New York University},
  year={2021}
}

@article{nordhaus2019climate,
  title={Climate change: The ultimate challenge for economics},
  author={Nordhaus, William},
  journal={American Economic Review},
  volume={109},
  number={6},
  pages={1991--2014},
  year={2019}
}

@article{samuelson1954pure,
  title={The pure theory of public expenditure},
  author={Samuelson, Paul A},
  journal={The review of economics and statistics},
  volume={36},
  number={4},
  pages={387--389},
  year={1954},
  publisher={JSTOR}
}

@article{ostrom2010beyond,
  title={Beyond markets and states: polycentric governance of complex economic systems},
  author={Ostrom, Elinor},
  journal={American economic review},
  volume={100},
  number={3},
  pages={641--72},
  year={2010}
}

@article{buchanan1965economic,
  title={An economic theory of clubs},
  author={Buchanan, James M},
  journal={Econometrica},
  volume={32},
  number={125},
  pages={1--14},
  year={1965},
  publisher={JSTOR}
}

@article{hardin1968tragedy,
  title={The tragedy of the commons: the population problem has no technical solution; it requires a fundamental extension in morality.},
  author={Hardin, Garrett},
  journal={science},
  volume={162},
  number={3859},
  pages={1243--1248},
  year={1968},
  publisher={American Association for the Advancement of Science}
}

@book{lloyd1833two,
  title={Two lectures on the checks to population},
  author={Lloyd, William Forster},
  year={1833},
  publisher={JH Parker}
}

@incollection{ostrom1977public,
	booktitle= {Alternatives for Delivering Public Services: Toward Improved Performance},
  title={Public goods and public choices},
  editor={E. S. Savas},
  author={Ostrom, Vincent and Ostrom, Elinor},
  year={1977},
  publisher={Westview Press},
  pages={7--49}
}

@incollection{coase1960problem,
  title={The problem of social cost},
  author={Coase, Ronald H},
  booktitle={Classic papers in natural resource economics},
  pages={87--137},
  year={1960},
  publisher={Springer}
}

@article{coase1937nature,
  title={The nature of the firm},
  author={Coase, Ronald H},
  journal={economica},
  volume={4},
  number={16},
  pages={386--405},
  year={1937},
  publisher={JSTOR}
}

@book{keohane2016markets,
  title={Markets and the Environment},
  author={Keohane, Nathaniel O and Olmstead, Sheila M},
  year={2016},
  publisher={Island Press}
}

@article{allcott2012there,
  title={Is there an energy efficiency gap?},
  author={Allcott, Hunt and Greenstone, Michael},
  journal={Journal of Economic Perspectives},
  volume={26},
  number={1},
  pages={3--28},
  year={2012},
  keywords = {test2}
}

@article{gerarden2017assessing,
  title={Assessing the energy-efficiency gap},
  author={Gerarden, Todd D and Newell, Richard G and Stavins, Robert N},
  journal={Journal of Economic Literature},
  volume={55},
  number={4},
  pages={1486--1525},
  year={2017}
}

@techreport{gwp_table,
  title={Global Warming Potential Values},
  author = {{Greenhouse Gas Protocal}},
  year={2016},
  institution={Greenhouse Gas Protocal},
  note={\url{https://tinyurl.com/2p83adat}}
}

@incollection{forster2007changes,
  title={Changes in atmospheric constituents and in radiative forcing. Chapter 2},
  author={Forster, Piers and Ramaswamy, Venkatachalam and Artaxo, Paulo and Berntsen, Terje and Betts, Richard and Fahey, David W and Haywood, James and Lean, Judith and Lowe, David C and Myhre, Gunnar and others},
  booktitle={Climate change 2007. The physical science basis},
  year={2007},
  publisher={Cambridge University Press}
}

@incollection{ipcc_ar5_forcing,
  title= {Anthropogenic and Natural Radiative Forcing. Chapter 8},
  booktitle={Climate Change 2013: The Physical Science Basis},
  author={{IPCC}},
  note={Myhre, G., D. Shindell, F.-M. Bréon, W. Collins, J. Fuglestvedt, J. Huang, D. Koch, J.-F. Lamarque, D. Lee, B. Mendoza, T. Nakajima, A. Robock, G. Stephens, T. Takemura and H. Zhang},
  year={2013},
  publisher={Cambridge University Press}
}

@techreport{eia_report1,
	title={Electric Power Annual 2020},
	author ={{EIA}},
	year={2021},
	institution = {US Energy Information Administration},
	note={\url{https://www.eia.gov/tools/faqs/faq.php?id=427&t=3}}
}


@incollection{ipcc1_summary,
	title={Summary for Policymakers},
	booktitle={Climate Change 2021: The Physical Science Basis. Contribution of Working Group I to the Sixth Assessment Report of the Intergovernmental Panel on Climate Change},
	author={{IPCC}},
	institution={Cambridge University Press},
	note={Masson Delmotte, V., P. Zhai, A. Pirani, S.L. Connors, C. Péan, S. Berger, N. Caud, Y. Chen, L. Goldfarb, M.I. Gomis, M. Huang, K. Leitzell, E. Lonnoy, J.B.R. Matthews, T.K. Maycock, T. Waterfield, O. Yelekçi, R. Yu, and B. Zhou (eds.)},
	year={2021}
}

@article{auffhammer2018quantifying,
  title={Quantifying economic damages from climate change},
  author={Auffhammer, Maximilian},
  journal={Journal of Economic Perspectives},
  volume={32},
  number={4},
  pages={33--52},
  year={2018}
}


@misc{noaa, 
	title={Climate forcing}, 
	journal={National Oceanic and Atmospheric Administration}, 
	author={NOAA},
	note = {Accessed: 2022-01-29, \url{https://www.climate.gov/maps-data/climate-data-primer/predicting-climate/climate-forcing}},
	year={2022}
} 

@incollection{nationalar4,
  booktitle={Impacts, Risks, and Adaptation in the United States: The Fourth National Climate Assessment, Volume II},
  title={Our Changing Climate},
  author={Hayhoe, Katharine and Wuebbles, Donald J and Easterling, David R and Fahey, David W and Doherty, Sarah and Kossin, James P and Sweet, William V and Vose, Russell S and Wehner, Michael F},
  editor={Reidmiller, David R and Avery, Christopher W and Easterling, David R and Kunkel, Kenneth E and Lewis, Kristin LM and Maycock, Thomas K and Stewart, Bradley C},
  publisher={U.S. Global Change Research Program, Washington, DC, USA},
  year={2018}
}


@misc{C2ES, 
	title={Climate science Q\&A}, 
	author={{C2ES}},
	note={\url{https://www.c2es.org/content/climate-science-qa/}}, 
	journal={Center for Climate and Energy Solutions}, 
	year={2021}
} 

@misc{csi, 
	title={Energy: The driver of climate}, 
	url={http://www.ces.fau.edu/nasa/module-2/energy-budget.php}, 
	journal={Climate Science Investigations}, 
	publisher={Climate Science Investigations (South Florida)}, 
	author={Lambert, Julie and Edwards, Alana and Soden, Brian and Bleicher, Robert}, 
	year={2016}
} 

@incollection{SINGH202179,
title = {Link between air pollution and global climate change},
editor = {Suruchi Singh and Pardeep Singh and S. Rangabhashiyam and K.K. Srivastava},
booktitle = {Global Climate Change},
publisher = {Elsevier},
pages = {79-108},
year = {2021},
isbn = {978-0-12-822928-6},
doi = {https://doi.org/10.1016/B978-0-12-822928-6.00009-5},
url = {https://www.sciencedirect.com/science/article/pii/B9780128229286000095},
author = {Pratichi Singh and Deepak Yadav and S. {Pandian E}}
}

@article{gerlach2011volcanic,
  title={Volcanic versus anthropogenic carbon dioxide},
  author={Gerlach, Terry},
  journal={Eos, Transactions American Geophysical Union},
  volume={92},
  number={24},
  pages={201--202},
  year={2011},
  publisher={Wiley Online Library}
}

@misc{usgs, 
 	title={Volcanoes can affect climate}, 
 	author={USGS},
 	url={https://www.usgs.gov/programs/VHP/volcanoes-can-affect-climate}, 
 	journal={US Geological Survey, \url{https://www.usgs.gov/programs/VHP/volcanoes-can-affect-climate}}, 
 	year={2018},
 	note={Accessed: 2022-01-29}
} 

@misc{gfdl, 
	author={GFDL},
	title={Aerosols and Climate}, 
	note={Accessed: 2022-01-29, \url{https://www.gfdl.noaa.gov/aerosols-and-climate/}}, 
	journal={Geophysical Fluid Dynamics Laboratory: NOAA}, 
	year={2014}
}

@article{little_ice,
  title={The Little Ice Age},
  author={Jackson, Stephen and Rafferty, John},
  journal={Encyclopedia Britannica},
  year={2016},
  note={Accessed: 2022-01-29, \url{https://www.britannica.com/science/Little-Ice-Age}}
}

@misc{noaa1, 
	title={Climate change: Atmospheric carbon dioxide}, 
	note={\url{https://www.climate.gov/news-features/understanding-climate/climate-change-atmospheric-carbon-dioxide}}, 
  journal={Nation Oceanic \& Atmospheric Administration},
  author={Lindsey, Rebecca}, 
  editor={Dlugokencky, Ed}, 
  year={2021}
} 

@article{kuznets1955economic,
  title={Economic growth and income inequality},
  author={Kuznets, Simon},
  journal={The American economic review},
  volume={45},
  number={1},
  pages={1--28},
  year={1955},
  publisher={JSTOR}
}

@article{stern2004rise,
  title={The rise and fall of the environmental Kuznets curve},
  author={Stern, David I},
  journal={World development},
  volume={32},
  number={8},
  pages={1419--1439},
  year={2004},
  publisher={Elsevier}
}

@techreport{NBERw3914,
 title = "Environmental Impacts of a North American Free Trade Agreement",
 author = "Grossman, Gene M and Krueger, Alan B",
 institution = "National Bureau of Economic Research",
 type = "Working Paper",
 series = "Working Paper Series",
 number = "3914",
 year = "1991",
 month = "November",
 doi = {10.3386/w3914},
 URL = "http://www.nber.org/papers/w3914"
}

@article{grossman1995economic,
  title={Economic growth and the environment},
  author={Grossman, Gene M and Krueger, Alan B},
  journal={The quarterly journal of economics},
  volume={110},
  number={2},
  pages={353--377},
  year={1995},
  publisher={mit Press}
}

@article{owidoutdoorairpollution,
    author = {Hannah Ritchie and Max Roser},
    title = {Outdoor Air Pollution},
    journal = {Our World in Data},
    year = {2019},
    note = {https://ourworldindata.org/outdoor-air-pollution}
}

@article{branger2014climate,
  title={Climate policy and the ‘carbon haven’effect},
  author={Branger, Fr{\'e}d{\'e}ric and Quirion, Philippe},
  journal={Wiley Interdisciplinary Reviews: Climate Change},
  volume={5},
  number={1},
  pages={53--71},
  year={2014},
  publisher={Wiley Online Library}
}

@article{winchester2013numerical,
  title={A numerical investigation of the potential for negative emissions leakage},
  author={Winchester, Niven and Rausch, Sebastian},
  journal={American Economic Review},
  volume={103},
  number={3},
  pages={320--25},
  year={2013}
}

@misc{ghg_protocol_2011, 
	title={Corporate Value Chain (Scope 3) Accounting and Reporting Standard}, 
	url={https://ghgprotocol.org/sites/default/files/standards/Corporate-Value-Chain-Accounting-Reporing-Standard_041613_2.pdf}, 
	journal={GHG Protocol}, 
	author={{GHG Protocol}}, 
	year={2011}
} 

@article{cosbey2020developing,
  title={Developing guidance for implementing border carbon adjustments: lessons, cautions, and research needs from the literature},
  author={Cosbey, Aaron and Droege, Susanne and Fischer, Carolyn and Munnings, Clayton},
  journal={Review of Environmental Economics and Policy},
  year={2020},
  publisher={The University of Chicago Press}
}

@article{arrow1995economic,
  title={Economic growth, carrying capacity, and the environment},
  author={Arrow, Kenneth and Bolin, Bert and Costanza, Robert and Dasgupta, Partha and Folke, Carl and Holling, Crawford S and Jansson, Bengt-Owe and Levin, Simon and M{\"a}ler, Karl-G{\"o}ran and Perrings, Charles and others},
  journal={Ecological economics},
  volume={15},
  number={2},
  pages={91--95},
  year={1995},
  publisher={Elsevier}
}

@article{borenstein2021designing,
  title={Designing electricity rates for an equitable energy transition},
  author={Borenstein, Severin and Fowlie, Meredith and Sallee, James},
  journal={Energy Institute at Haas working paper},
  volume={314},
  year={2021}
}

@techreport{rff_podcast1,
  author={Konschnik, Kate and Rami, Daniel},
  title={Untangling the Wires in Electricity Market Planning, with Kate Konschnik},
  year={2022},
  date={February 8, 2022},
  publisher={Resources Radio, Resources for the Future},
  url={https://www.resources.org/resources-radio/untangling-the-wires-in-electricity-market-planning-with-kate-konschnik/}
}

@book{ferc2020, 
	journal={Energy Primer: A Handbook of Energy Market Basics},
	publisher={Federal Energy Regulatory Commission},
	author={{FERC}}, 
	year={2020},
	title={Energy Primer: A Handbook of Energy Market Basics}
}

@article{fowlie2009incomplete,
  title={Incomplete environmental regulation, imperfect competition, and emissions leakage},
  author={Fowlie, Meredith L},
  journal={American Economic Journal: Economic Policy},
  volume={1},
  number={2},
  pages={72--112},
  year={2009}
}

@article{wbank,
	author={{The World Bank}},
	title={Carbon pricing dashboard: Overview of carbon pricing initiatives}, 
	url={https://carbonpricingdashboard.worldbank.org/},
	journal={The World Bank},
	publisher={The World Bank},
	year={2022}
} 

@article{marjorie_greene,
	author = {{Congressional Record House Articles}},
	year = {2021},
	month = {September},
	day = {22},
	url={https://www.congress.gov/congressional-record/2021/9/22/house-section/article/h5086-1}
}

@article{sato2015asymmetric,
  title={Asymmetric industrial energy prices and international trade},
  author={Sato, Misato and Dechezlepr{\^e}tre, Antoine},
  journal={Energy Economics},
  volume={52},
  pages={S130--S141},
  year={2015},
  publisher={Elsevier}
}

@article{aldy2015competitiveness,
  title={The competitiveness impacts of climate change mitigation policies},
  author={Aldy, Joseph E and Pizer, William A},
  journal={Journal of the Association of Environmental and Resource Economists},
  volume={2},
  number={4},
  pages={565--595},
  year={2015},
  publisher={University of Chicago Press Chicago, IL}
}

@article{dechezlepretre2020impacts,
  title={The impacts of environmental regulations on competitiveness},
  author={Dechezlepr{\^e}tre, Antoine and Sato, Misato},
  journal={Review of Environmental Economics and Policy},
  year={2020},
  publisher={The University of Chicago Press}
}

@article{fowlie2022mitigating,
  title={Mitigating emissions leakage in incomplete carbon markets},
  author={Fowlie, Meredith L and Reguant, Mar},
  journal={Journal of the Association of Environmental and Resource Economists},
  volume={9},
  number={2},
  pages={307--343},
  year={2022},
  publisher={The University of Chicago Press Chicago, IL}
}

@article{fowlie2016measuring,
  title={Measuring leakage risk},
  author={Fowlie, Meredith L and Reguant, Mar and Ryan, Stephen},
  journal={Report for the California Air Resources Board},
  year={2016}
}

@inproceedings{fowlie2021border,
  title={Border carbon adjustments when carbon intensity varies across producers: evidence from California},
  author={Fowlie, Meredith and Petersen, Claire and Reguant, Mar},
  booktitle={AEA Papers and Proceedings},
  volume={111},
  pages={401--05},
  year={2021}
}

@article{jaakkola2018holistic,
  title={The holistic effects of climate change on the culture, well-being, and health of the Saami, the only indigenous people in the European Union},
  author={Jaakkola, Jouni JK and Juntunen, Suvi and N{\"a}kk{\"a}l{\"a}j{\"a}rvi, Klemetti},
  journal={Current environmental health reports},
  volume={5},
  number={4},
  pages={401--417},
  year={2018},
  publisher={Springer}
}

@incollection{MORRONE200881,
title = {Endemism},
editor = {Brian Fath},
booktitle = {Encyclopedia of Ecology (Second Edition)},
publisher = {Elsevier},
edition = {Second Edition},
address = {Oxford},
pages = {81-86},
year = {2008},
isbn = {978-0-444-64130-4},
doi = {https://doi.org/10.1016/B978-0-444-63768-0.00786-1},
url = {https://www.sciencedirect.com/science/article/pii/B9780444637680007861},
author = {J.J. Morrone}
}

@article{10.1038/s41558-020-0818-9, 
year = {2020}, 
title = {{Fasting season length sets temporal limits for global polar bear persistence}}, 
author = {Molnár, Péter K and Bitz, Cecilia M and Holland, Marika M and Kay, Jennifer E and Penk, Stephanie R and Amstrup, Steven C}, 
journal = {Nature Climate Change}, 
issn = {1758-678X}, 
doi = {10.1038/s41558-020-0818-9}, 
pages = {732--738}, 
number = {8}, 
volume = {10}
}

@article{wiig2008effects,
  title={Effects of climate change on polar bears},
  author={Wiig, {\O}ystein and Aars, Jon and Born, Erik W},
  journal={Science Progress},
  volume={91},
  number={2},
  pages={151--173},
  year={2008},
  publisher={SAGE Publications Sage UK: London, England}
}

@article{narita2010economic,
  title={Economic costs of extratropical storms under climate change: an application of FUND},
  author={Narita, Daiju and Tol, Richard SJ and Anthoff, David},
  journal={Journal of Environmental Planning and Management},
  volume={53},
  number={3},
  pages={371--384},
  year={2010},
  publisher={Taylor \& Francis}
}

@article{emanuel2017assessing,
  title={Assessing the present and future probability of Hurricane Harvey’s rainfall},
  author={Emanuel, Kerry},
  journal={Proceedings of the National Academy of Sciences},
  volume={114},
  number={48},
  pages={12681--12684},
  year={2017},
  publisher={National Acad Sciences}
}

@article{neumann2020climate,
	title={Climate damage functions for estimating the economic impacts of climate change in the United States},
	author={Neumann, James E and Willwerth, Jacqueline and Martinich, Jeremy and McFarland, James and Sarofim, Marcus C and Yohe, Gary},
	journal={Review of environmental economics and policy},
	year={2020},
	publisher={The University of Chicago Press}
}



